% !TeX spellcheck = en_GB


@booklet{Pollicott_LFDT,
	ALTauthor = {Mark Pollicott},
	ALTeditor = {AMS-TEX},
	title = {Lectures on Fractals and Dimension Theory},
	year = {2009},
	OPTlanguage = {English},
	OPThowpublished = {Online PDF},
	OPTtype = {PDF},
	OPTpages = {106},
	OPTpubstate = {public},
	OPTurl = {https://www.google.com/url?sa=t&rct=j&q=&esrc=s&source=web&cd=&cad=rja&uact=8&ved=2ahUKEwiO9eKd_efvAhUNjRQKHXhWClkQFjACegQIBRAD&url=https%3A%2F%2Fhomepages.warwick.ac.uk%2F~masdbl%2Fdimension-total.pdf&usg=AOvVaw3z7qHGAXe4zknrNoOGv2ID},
	OPTurldate = {05/04/2021},
}

@manual{3DXplorMath,
	ALTauthor = {The 3D-XplorMath Consortium},
	ALTeditor = {3D-XplorMath},
	title = {Mathematical Documentation of objects},
	date = {November 29, 2020},
	year = {2020},
	OPTtitleaddon = {Objects realized in the visualization program 3D-XplorMath},
	OPTlanguage = {English},
	OPTtype = {Documentation},
	OPTversion = {Version November 29, 2020},
	OPTnote = {Available at \url{http://3d-xplormath.org/Downloads/Collected_Atos.pdf}},
	OPTorganization = {3D-XplorMath},
	OPTpagetotal = {568},
	OPTpage = {498},
	OPTpubstate = {Public},
	OPTurl = {http://3d-xplormath.org/Downloads/Collected_Atos.pdf},
	OPTurldate = {07/04/2021},
}

@article{Shishikura_1992,
	author = {{Shishikura}, Mitsuhiro},
	title = "{The Hausdorff dimension of the boundary of the Mandelbrot set and Julia sets}",
	journal = {arXiv Mathematics e-prints},
	keywords = {Mathematics - Dynamical Systems},
	year = 1992,
	month = apr,
	eid = {math/9201282},
	pages = {math/9201282},
	archivePrefix = {arXiv},
	eprint = {math/9201282},
	primaryClass = {math.DS},
	adsurl = {https://ui.adsabs.harvard.edu/abs/1992math......1282S},
	adsnote = {Provided by the SAO/NASA Astrophysics Data System}
}

@MISC{Heinemann_Stratmann_1998,
	author = {Stefan M. {Heinemann} and Bernd O. Stratmann},
	title = {Quadratic Polynomials with Julia sets of Hausdorff dimension close to 2},
	year = {1998}
}

@book{Falconer_1990,
	author = {{Falconer}, Kenneth},
	isbn = {0978-0-471-92287-2},
	pages = {I-XXII, 1-288},
	publisher = {Wiley},
	title = {Fractal Geometry},
	year = {1990},
	date = {1990},
	OPTtitleaddon = {Mathematical Fundations and Applications},
	OPTlanguage = {English},
	OPTpublisher = {Jhon Wiley & Sons Ldt.},
	OPTisbn = {0 471 92287 0},
	OPTpagetotal = {288},
}

